@article{moran2007evolution,
  title={Evolution of robotic arms},
  author={Moran, Michael E},
  journal={Journal of robotic surgery},
  volume={1},
  number={2},
  pages={103--111},
  year={2007},
  publisher={Springer}
}